@article{Chang2015,
    author =       "Xushen, Chang and Yu, Jianhua",
    title =        "Designing of a Mobile Collaboration Application for Student Collaborative Group Work: Evidence from China"
    journal =      "Proceedings of the Annual Hawaii International Conference on System Sciences",
    pages =        "544--551",
    year =         "2015"
}

@article{Opeoluwa2011,
	author =       "Opeoluwa, Ogunde Adewale and Gabriel, Ogunleye Opeyemi and Odunayo, Bamisile Omololu",
	title =        "Knowledge Sharing for Academic Enhancement among Computer Science Undergraduates in Nigeria",
	journal =      "Computing & Information Systems",
	pages =        "27--35",
	year =         "2011"
}

@article{Rossitto2007,
	author =       "Rossitto, Chiara, and Eklundh, Kerstin Severinson",
	title =        "Managing Work at Several Places: A Case of Project Work in a Nomadic Group of Students",
	journal =      "In Proceedings of the 14th European Conference on Cognitive Ergonomics: Invent! Explore!",
	pages =        "45--51",
	year =         "2007"
}